<?xml version="1.0" encoding="UTF-8"?><collection xmlns="http://www.loc.gov/MARC21/slim"><record><leader>00414nam--2200169-i-4500</leader><controlfield tag="001">000037859</controlfield><controlfield tag="002">20161230</controlfield><controlfield tag="005">20161230201041</controlfield><controlfield tag="008">060222s1000------------r-----000-0-eng-d</controlfield><datafield ind1=" " ind2=" " tag="040"><subfield code="a">IFIN-HH</subfield></datafield><datafield ind1=" " ind2=" " tag="080"><subfield code="a">53</subfield></datafield><datafield ind1="1" ind2=" " tag="110"><subfield code="a">Univerzitet U Beogradu</subfield></datafield><datafield ind1="1" ind2="0" tag="245"><subfield code="a">Radovi zavoda za fiziku. iii</subfield></datafield><datafield ind1=" " ind2=" " tag="260"><subfield code="a">Beograd</subfield><subfield code="b">Univerzitet U Beogradu</subfield><subfield code="c">1963</subfield></datafield><datafield ind1=" " ind2=" " tag="300"><subfield code="a">69P</subfield></datafield><datafield ind1=" " ind2=" " tag="852"><subfield code="a">32756</subfield><subfield code="c">53</subfield></datafield><datafield ind1=" " ind2=" " tag="CAT"><subfield code="a">Sys</subfield><subfield code="c">20150223</subfield><subfield code="h">124202</subfield></datafield></record></collection>